@electronic{Altera:StratixDeviceOverview,
  author        = "Altera",
  title         = "Stratix family overview",
  url           = "http://www.altera.com/devices/fpga/stratix-fpgas/stratix/stratix-gx/overview/sgx-overview.html",
  year          = "2013"
}

@Manual{DE0Manual,
  author        = "TerasIC",
  title         = "DE0-Nano User Manual",
  year          = "2012",
  edition       = "1.7",
}