@electronic{Wikipedia:Verilog,
  author        = "Wikipedia Foundation",
  title         = "Verilog",
  url           = "https://en.wikipedia.org/wiki/Verilog",
  year          = "2013"
}

@electronic{Altera:Quartus Help,
  author        = "Altera",
  title         = "Quartus Help",
  url           = "http://quartushelp.altera.com/12.1/mergedProjects/reference/glossary/def_sof.htm",
  year          = "2012"
}

@Manual{DE0Manual,
  author        = "TerasIC",
  title         = "DE0-Nano User Manual",
  year          = "2012",
  edition       = "1.7",
}