% Optional fields: editor, volume/number, series, pages, address, month, organization, publisher, note
@CONFERENCE{Sunburst:BlockNoBlock,
	author = {Clifford Cummings},
	title = {Nonblocking Assignments in Verilog Synthesis, Coding Styles That Kill!},
	booktitle = {SNUG San Jose},
	year = {2000}
}
@electronic{Wikipedia:Verilog,
	Author = {Wikipedia Foundation},
	Title = {Verilog},
	Url = {https://en.wikipedia.org/wiki/Verilog},
	Year = {2013}
}

@electronic{Wikipedia:MealyMachine,
	Author = {Wikipedia Foundation},
	Title = {Mealy Machines},
	Url = {https://en.wikipedia.org/wiki/Mealy_machine},
	Year = {2013}
}

@electronic{Sunburst:FSMs,
	Author = {Clifford Cummings},
	Title = {he Fundamentals of Efficient Synthesizable Finite State Machine Design using NC-Verilog and BuildGates},
	Url = {http://www.sunburst-design.com/papers/CummingsICU2002_FSMFundamentals.pdf},
	Year = {2002}
}

@electronic{Wikipedia:MooreMachine,
	Author = {Wikipedia Foundation},
	Title = {Moore Machines},
	Url = {https://en.wikipedia.org/wiki/Moore_machine},
	Year = {2013}
}

@electronic{Altera:QuartusHandbook,
	Author = {Altera},
	Title = {Quartus II Handbook},
	Url = {http://www.altera.com/literature/hb/qts/qts_qii51007.pdf},
	Year = {2013}
}

@electronic{Altera:StateMachines,
	Author = {Altera},
	Title = {Verilog HDL Templates for State Machines},
	Url = {http://www.altera.com/support/examples/verilog/ver-state-machine.html},
	Year = {2012}
}

@manual{DE0Manual,
	Author = {TerasIC},
	Edition = {1.7},
	Title = {DE0-Nano User Manual},
	Year = {2012}
	}
