@electronic{Wikipedia:Verilog,
  author        = "Wikipedia Foundation",
  title         = "Verilog",
  url           = "https://en.wikipedia.org/wiki/Verilog",
  year          = "2013",
}

@electronic{Wikipedia:MealyMachine,
  author        = "Wikipedia Foundation",
  title         = "Mealy Machines",
  url           = "https://en.wikipedia.org/wiki/Mealy_machine",
  year          = "2013",
}

@electronic{Sunburst:FSMs,
  author        = "Clifford Cummings",
  title         = "he Fundamentals of Efficient Synthesizable Finite State Machine Design using NC-Verilog and BuildGates",
  url           = "http://www.sunburst-design.com/papers/CummingsICU2002_FSMFundamentals.pdf",
  year          = "2002",
}

@electronic{Wikipedia:MooreMachine,
  author        = "Wikipedia Foundation",
  title         = "Moore Machines",
  url           = "https://en.wikipedia.org/wiki/Moore_machine",
  year          = "2013",
}

@electronic{Altera:QuartusHandbook,
  author        = "Altera",
  title         = "Quartus II Handbook",
  url           = "http://www.altera.com/literature/hb/qts/qts_qii51007.pdf",
  year          = "2013",
}

@electronic{Altera:StateMachines,
  author        = "Altera",
  title         = "Verilog HDL Templates for State Machines",
  url           = "http://www.altera.com/support/examples/verilog/ver-state-machine.html",
  year          = "2012",
}

@electronic{Altera:Quartus Help,
  author        = "Altera",
  title         = "Quartus Help",
  url           = "http://quartushelp.altera.com/12.1/mergedProjects/reference/glossary/def_sof.htm",
  year          = "2012",
}

@Manual{DE0Manual,
  author        = "TerasIC",
  title         = "DE0-Nano User Manual",
  year          = "2012",
  edition       = "1.7",
}
